

@book{ socher2008, 
	author = {Rolf Socher}, 
	title = {Theoretische Grundlagen der Informatik}, 
	publisher = {Carl Hanser Verlag M\"unchen}, 
	year = {2008}, 
	series = {Lehrb\"ucher zur Infomatik}, 
	edition = {3} 
	}
	
@book{ patterson2005,
      author = {D. Patterson and J.L. Hennessy},
      title = {Rechnerorganisation und -entwurf},
      publisher = {Spektrum Akademischer Verlag},
      year = {2005},
      edition = {3},
      month = {September}
    }
    
@article{ klitzke2016,
	author = {L.~Klitzke and C.~Koch},
	title = {Robust Object Detection for Video Surveillance Using Stereo Vision and Gaussian Mixture Model},
	journal = {Journal of {WSCG}},
	address = {Plzen, Czech Republic},
	editor = {Vaclav Skala},
	publisher = {Union Agency},
	issn = {1213-6972},
	year = {2016},
	month = {May},
	pages = {9--17},
	number = {1},
	volume = {24}
}

@inproceedings{	spinneker2014,
	author = {R. Spinneker and C. Koch and S-B. Park and J.J. Yoon},
	title = {Fast Fog Detection for Camera Based Advanced Driver Assistance Systems},
	booktitle = {{IEEE} Conference on Intelligent Transportation Systems({ITSC})},
	year = {2014},
	address = {Qingdao, China},
	month = {October}
}




